%YAML 1.1
%TAG !u! tag:unity3d.com,2011:
--- !u!1 &2780673509712703405
GameObject:
  m_ObjectHideFlags: 0
  m_CorrespondingSourceObject: {fileID: 0}
  m_PrefabInstance: {fileID: 0}
  m_PrefabAsset: {fileID: 0}
  serializedVersion: 6
  m_Component:
  - component: {fileID: 7966866383440462588}
  - component: {fileID: 7242285074692748829}
  - component: {fileID: 7369058721795434059}
  m_Layer: 5
  m_Name: ButtonIcon
  m_TagString: Untagged
  m_Icon: {fileID: 0}
  m_NavMeshLayer: 0
  m_StaticEditorFlags: 0
  m_IsActive: 1
--- !u!224 &7966866383440462588
RectTransform:
  m_ObjectHideFlags: 0
  m_CorrespondingSourceObject: {fileID: 0}
  m_PrefabInstance: {fileID: 0}
  m_PrefabAsset: {fileID: 0}
  m_GameObject: {fileID: 2780673509712703405}
  m_LocalRotation: {x: 0, y: 0, z: 0, w: 1}
  m_LocalPosition: {x: 0, y: 0, z: 0}
  m_LocalScale: {x: 1, y: 1, z: 1}
  m_ConstrainProportionsScale: 0
  m_Children: []
  m_Father: {fileID: 3129560748984248590}
  m_RootOrder: 0
  m_LocalEulerAnglesHint: {x: 0, y: 0, z: 0}
  m_AnchorMin: {x: 0.5, y: 0.5}
  m_AnchorMax: {x: 0.5, y: 0.5}
  m_AnchoredPosition: {x: 0, y: 0}
  m_SizeDelta: {x: 32, y: 32}
  m_Pivot: {x: 0.5, y: 0.5}
--- !u!222 &7242285074692748829
CanvasRenderer:
  m_ObjectHideFlags: 0
  m_CorrespondingSourceObject: {fileID: 0}
  m_PrefabInstance: {fileID: 0}
  m_PrefabAsset: {fileID: 0}
  m_GameObject: {fileID: 2780673509712703405}
  m_CullTransparentMesh: 1
--- !u!114 &7369058721795434059
MonoBehaviour:
  m_ObjectHideFlags: 0
  m_CorrespondingSourceObject: {fileID: 0}
  m_PrefabInstance: {fileID: 0}
  m_PrefabAsset: {fileID: 0}
  m_GameObject: {fileID: 2780673509712703405}
  m_Enabled: 1
  m_EditorHideFlags: 0
  m_Script: {fileID: 11500000, guid: fe87c0e1cc204ed48ad3b37840f39efc, type: 3}
  m_Name: 
  m_EditorClassIdentifier: 
  m_Material: {fileID: 0}
  m_Color: {r: 1, g: 1, b: 1, a: 1}
  m_RaycastTarget: 1
  m_RaycastPadding: {x: 0, y: 0, z: 0, w: 0}
  m_Maskable: 1
  m_OnCullStateChanged:
    m_PersistentCalls:
      m_Calls: []
  m_Sprite: {fileID: 0}
  m_Type: 0
  m_PreserveAspect: 0
  m_FillCenter: 1
  m_FillMethod: 4
  m_FillAmount: 1
  m_FillClockwise: 1
  m_FillOrigin: 0
  m_UseSpriteMesh: 0
  m_PixelsPerUnitMultiplier: 1
--- !u!1 &3129560748984248577
GameObject:
  m_ObjectHideFlags: 0
  m_CorrespondingSourceObject: {fileID: 0}
  m_PrefabInstance: {fileID: 0}
  m_PrefabAsset: {fileID: 0}
  serializedVersion: 6
  m_Component:
  - component: {fileID: 3129560748984248590}
  - component: {fileID: 3129560748984248589}
  - component: {fileID: 3129560748984248588}
  - component: {fileID: 1104120640298613307}
  m_Layer: 5
  m_Name: MenuButton
  m_TagString: Untagged
  m_Icon: {fileID: 0}
  m_NavMeshLayer: 0
  m_StaticEditorFlags: 0
  m_IsActive: 1
--- !u!224 &3129560748984248590
RectTransform:
  m_ObjectHideFlags: 0
  m_CorrespondingSourceObject: {fileID: 0}
  m_PrefabInstance: {fileID: 0}
  m_PrefabAsset: {fileID: 0}
  m_GameObject: {fileID: 3129560748984248577}
  m_LocalRotation: {x: -0, y: -0, z: -0, w: 1}
  m_LocalPosition: {x: 0, y: 0, z: 0}
  m_LocalScale: {x: 1, y: 1, z: 1}
  m_ConstrainProportionsScale: 0
  m_Children:
  - {fileID: 7966866383440462588}
  - {fileID: 6406418046813357389}
  m_Father: {fileID: 0}
  m_RootOrder: 0
  m_LocalEulerAnglesHint: {x: 0, y: 0, z: 0}
  m_AnchorMin: {x: 0, y: 0}
  m_AnchorMax: {x: 0, y: 0}
  m_AnchoredPosition: {x: 0, y: 0}
  m_SizeDelta: {x: 0, y: 0}
  m_Pivot: {x: 0.5, y: 0}
--- !u!222 &3129560748984248589
CanvasRenderer:
  m_ObjectHideFlags: 0
  m_CorrespondingSourceObject: {fileID: 0}
  m_PrefabInstance: {fileID: 0}
  m_PrefabAsset: {fileID: 0}
  m_GameObject: {fileID: 3129560748984248577}
  m_CullTransparentMesh: 1
--- !u!114 &3129560748984248588
MonoBehaviour:
  m_ObjectHideFlags: 0
  m_CorrespondingSourceObject: {fileID: 0}
  m_PrefabInstance: {fileID: 0}
  m_PrefabAsset: {fileID: 0}
  m_GameObject: {fileID: 3129560748984248577}
  m_Enabled: 1
  m_EditorHideFlags: 0
  m_Script: {fileID: 11500000, guid: fe87c0e1cc204ed48ad3b37840f39efc, type: 3}
  m_Name: 
  m_EditorClassIdentifier: 
  m_Material: {fileID: 0}
  m_Color: {r: 1, g: 1, b: 1, a: 1}
  m_RaycastTarget: 1
  m_RaycastPadding: {x: 0, y: 0, z: 0, w: 0}
  m_Maskable: 1
  m_OnCullStateChanged:
    m_PersistentCalls:
      m_Calls: []
  m_Sprite: {fileID: -1535727562, guid: 36fc685a8d1ccb840857d734ccff7226, type: 3}
  m_Type: 0
  m_PreserveAspect: 0
  m_FillCenter: 1
  m_FillMethod: 4
  m_FillAmount: 1
  m_FillClockwise: 1
  m_FillOrigin: 0
  m_UseSpriteMesh: 0
  m_PixelsPerUnitMultiplier: 1
--- !u!114 &1104120640298613307
MonoBehaviour:
  m_ObjectHideFlags: 0
  m_CorrespondingSourceObject: {fileID: 0}
  m_PrefabInstance: {fileID: 0}
  m_PrefabAsset: {fileID: 0}
  m_GameObject: {fileID: 3129560748984248577}
  m_Enabled: 1
  m_EditorHideFlags: 0
  m_Script: {fileID: 11500000, guid: b2e940cff5e20f44b8c1bf4993a3b11b, type: 3}
  m_Name: 
  m_EditorClassIdentifier: 
  spriteButtonNormal: {fileID: -1535727562, guid: 36fc685a8d1ccb840857d734ccff7226, type: 3}
  spriteButtonSelect: {fileID: -1535727562, guid: 36fc685a8d1ccb840857d734ccff7226, type: 3}
  colorButtonNormal: {r: 0, g: 0, b: 0, a: 0}
  colorButtonSelect: {r: 0, g: 0, b: 0, a: 0}
  spriteIconNormal: {fileID: 0}
  spriteIconSelect: {fileID: 0}
  colorIconNormal: {r: 0, g: 0, b: 0, a: 0}
  colorIconSelect: {r: 0, g: 0, b: 0, a: 0}
  imageButton: {fileID: 0}
  imageIcon: {fileID: 0}
  pointerDown: 0
  hasExit: 0
  isDragging: 0
  interactable: 0
  inScroller: 0
  hasIcon: 1
  setNativeSizes: 0
  scrollRect: {fileID: 0}
--- !u!1 &8277840531122442049
GameObject:
  m_ObjectHideFlags: 0
  m_CorrespondingSourceObject: {fileID: 0}
  m_PrefabInstance: {fileID: 0}
  m_PrefabAsset: {fileID: 0}
  serializedVersion: 6
  m_Component:
  - component: {fileID: 6406418046813357389}
  - component: {fileID: 3351472061710342339}
  - component: {fileID: 5318649563043285952}
  - component: {fileID: 7333803322195908477}
  m_Layer: 5
  m_Name: ButtonText
  m_TagString: Untagged
  m_Icon: {fileID: 0}
  m_NavMeshLayer: 0
  m_StaticEditorFlags: 0
  m_IsActive: 1
--- !u!224 &6406418046813357389
RectTransform:
  m_ObjectHideFlags: 0
  m_CorrespondingSourceObject: {fileID: 0}
  m_PrefabInstance: {fileID: 0}
  m_PrefabAsset: {fileID: 0}
  m_GameObject: {fileID: 8277840531122442049}
  m_LocalRotation: {x: 0, y: 0, z: 0, w: 1}
  m_LocalPosition: {x: 0, y: 0, z: 0}
  m_LocalScale: {x: 1, y: 1, z: 1}
  m_ConstrainProportionsScale: 0
  m_Children: []
  m_Father: {fileID: 3129560748984248590}
  m_RootOrder: 1
  m_LocalEulerAnglesHint: {x: 0, y: 0, z: 0}
  m_AnchorMin: {x: 0.5, y: 0}
  m_AnchorMax: {x: 0.5, y: 0}
  m_AnchoredPosition: {x: 0, y: -48}
  m_SizeDelta: {x: 188, y: 48}
  m_Pivot: {x: 0.5, y: 0}
--- !u!114 &3351472061710342339
MonoBehaviour:
  m_ObjectHideFlags: 0
  m_CorrespondingSourceObject: {fileID: 0}
  m_PrefabInstance: {fileID: 0}
  m_PrefabAsset: {fileID: 0}
  m_GameObject: {fileID: 8277840531122442049}
  m_Enabled: 1
  m_EditorHideFlags: 0
  m_Script: {fileID: 11500000, guid: 0ffcfb6d0266347848bf69a03919f483, type: 3}
  m_Name: 
  m_EditorClassIdentifier: 
  showTextFoldout: 1
  showAppearanceFoldout: 1
  showMaterialFoldout: 1
  showPositionFoldout: 1
  showTimingFoldout: 0
  showFunctionalityFoldout: 0
  showAudioFoldout: 0
  showEventFoldout: 0
  showBetaFoldout: 0
  info:
  - pos: {x: -69.10345, y: 0, z: 0}
    offset: {x: 0, y: 0, z: 0}
    lineSpacing: 1
    isEndOfParagraph: 0
    readTime: 0
    unreadTime: 0
    line: 0
    rawIndex: 0
    indent: 0
    drawAnimData: {fileID: 11400000, guid: 79b3a58975db94dc0878c84bf4315875, type: 2}
    size: {x: 48, y: 48}
    alignment: 1
    drawOrder: 0
    ev: []
    ev2: []
    colorData: {fileID: 0}
    gradientData: {fileID: 0}
    textureData: {fileID: 0}
    delayData: {fileID: 0}
    waveData: {fileID: 0}
    jitterData: {fileID: 0}
    readDelay: 0
    audioClipData: {fileID: 0}
    stopPreviousSound: 1
    pitchMode: 0
    overridePitch: 1
    minPitch: 0.9
    maxPitch: 1.2
    speedReadPitch: 0
    fontData: {fileID: 0}
    quadData: {fileID: 0}
    isQuad: 0
    quadIndex: -1
    materialData: {fileID: 0}
    soundClipData: {fileID: 0}
    IdxIdentifier: 0
    InfoInUse: 0
    chSize: 58
    submeshChange: 0
    invoked: 1
  - pos: {x: -41.793102, y: 0, z: 0}
    offset: {x: 0, y: 0, z: 0}
    lineSpacing: 1
    isEndOfParagraph: 0
    readTime: 0
    unreadTime: 0
    line: 0
    rawIndex: 1
    indent: 0
    drawAnimData: {fileID: 11400000, guid: 79b3a58975db94dc0878c84bf4315875, type: 2}
    size: {x: 48, y: 48}
    alignment: 1
    drawOrder: 0
    ev: []
    ev2: []
    colorData: {fileID: 0}
    gradientData: {fileID: 0}
    textureData: {fileID: 0}
    delayData: {fileID: 0}
    waveData: {fileID: 0}
    jitterData: {fileID: 0}
    readDelay: 0
    audioClipData: {fileID: 0}
    stopPreviousSound: 1
    pitchMode: 0
    overridePitch: 1
    minPitch: 0.9
    maxPitch: 1.2
    speedReadPitch: 0
    fontData: {fileID: 0}
    quadData: {fileID: 0}
    isQuad: 0
    quadIndex: -1
    materialData: {fileID: 0}
    soundClipData: {fileID: 0}
    IdxIdentifier: 0
    InfoInUse: 0
    chSize: 58
    submeshChange: 0
    invoked: 1
  - pos: {x: -16.137932, y: 0, z: 0}
    offset: {x: 0, y: 0, z: 0}
    lineSpacing: 1
    isEndOfParagraph: 0
    readTime: 0
    unreadTime: 0
    line: 0
    rawIndex: 2
    indent: 0
    drawAnimData: {fileID: 11400000, guid: 79b3a58975db94dc0878c84bf4315875, type: 2}
    size: {x: 48, y: 48}
    alignment: 1
    drawOrder: 0
    ev: []
    ev2: []
    colorData: {fileID: 0}
    gradientData: {fileID: 0}
    textureData: {fileID: 0}
    delayData: {fileID: 0}
    waveData: {fileID: 0}
    jitterData: {fileID: 0}
    readDelay: 0
    audioClipData: {fileID: 0}
    stopPreviousSound: 1
    pitchMode: 0
    overridePitch: 1
    minPitch: 0.9
    maxPitch: 1.2
    speedReadPitch: 0
    fontData: {fileID: 0}
    quadData: {fileID: 0}
    isQuad: 0
    quadIndex: -1
    materialData: {fileID: 0}
    soundClipData: {fileID: 0}
    IdxIdentifier: 0
    InfoInUse: 0
    chSize: 58
    submeshChange: 0
    invoked: 1
  - pos: {x: 2.068962, y: 0, z: 0}
    offset: {x: 0, y: 0, z: 0}
    lineSpacing: 1
    isEndOfParagraph: 0
    readTime: 0
    unreadTime: 0
    line: 0
    rawIndex: 3
    indent: 0
    drawAnimData: {fileID: 11400000, guid: 79b3a58975db94dc0878c84bf4315875, type: 2}
    size: {x: 48, y: 48}
    alignment: 1
    drawOrder: 0
    ev: []
    ev2: []
    colorData: {fileID: 0}
    gradientData: {fileID: 0}
    textureData: {fileID: 0}
    delayData: {fileID: 0}
    waveData: {fileID: 0}
    jitterData: {fileID: 0}
    readDelay: 0
    audioClipData: {fileID: 0}
    stopPreviousSound: 1
    pitchMode: 0
    overridePitch: 1
    minPitch: 0.9
    maxPitch: 1.2
    speedReadPitch: 0
    fontData: {fileID: 0}
    quadData: {fileID: 0}
    isQuad: 0
    quadIndex: -1
    materialData: {fileID: 0}
    soundClipData: {fileID: 0}
    IdxIdentifier: 0
    InfoInUse: 0
    chSize: 58
    submeshChange: 0
    invoked: 1
  - pos: {x: 20.275856, y: 0, z: 0}
    offset: {x: 0, y: 0, z: 0}
    lineSpacing: 1
    isEndOfParagraph: 0
    readTime: 0
    unreadTime: 0
    line: 0
    rawIndex: 4
    indent: 0
    drawAnimData: {fileID: 11400000, guid: 79b3a58975db94dc0878c84bf4315875, type: 2}
    size: {x: 48, y: 48}
    alignment: 1
    drawOrder: 0
    ev: []
    ev2: []
    colorData: {fileID: 0}
    gradientData: {fileID: 0}
    textureData: {fileID: 0}
    delayData: {fileID: 0}
    waveData: {fileID: 0}
    jitterData: {fileID: 0}
    readDelay: 0
    audioClipData: {fileID: 0}
    stopPreviousSound: 1
    pitchMode: 0
    overridePitch: 1
    minPitch: 0.9
    maxPitch: 1.2
    speedReadPitch: 0
    fontData: {fileID: 0}
    quadData: {fileID: 0}
    isQuad: 0
    quadIndex: -1
    materialData: {fileID: 0}
    soundClipData: {fileID: 0}
    IdxIdentifier: 0
    InfoInUse: 0
    chSize: 58
    submeshChange: 0
    invoked: 1
  - pos: {x: 45.103455, y: 0, z: 0}
    offset: {x: 0, y: 0, z: 0}
    lineSpacing: 1
    isEndOfParagraph: 0
    readTime: 0
    unreadTime: 0
    line: 0
    rawIndex: 5
    indent: 0
    drawAnimData: {fileID: 11400000, guid: 79b3a58975db94dc0878c84bf4315875, type: 2}
    size: {x: 48, y: 48}
    alignment: 1
    drawOrder: 0
    ev: []
    ev2: []
    colorData: {fileID: 0}
    gradientData: {fileID: 0}
    textureData: {fileID: 0}
    delayData: {fileID: 0}
    waveData: {fileID: 0}
    jitterData: {fileID: 0}
    readDelay: 0
    audioClipData: {fileID: 0}
    stopPreviousSound: 1
    pitchMode: 0
    overridePitch: 1
    minPitch: 0.9
    maxPitch: 1.2
    speedReadPitch: 0
    fontData: {fileID: 0}
    quadData: {fileID: 0}
    isQuad: 0
    quadIndex: -1
    materialData: {fileID: 0}
    soundClipData: {fileID: 0}
    IdxIdentifier: 0
    InfoInUse: 0
    chSize: 58
    submeshChange: 0
    invoked: 1
  lineHeights:
  - 48
  - 48
  _text: Button
  drawText: Button
  hyphenedText: Button
  font: {fileID: 12800000, guid: 22bcf5c77c1b85b408428b5b2d9f451c, type: 3}
  _color32:
    serializedVersion: 2
    rgba: 4294967295
  _color: {r: 1, g: 1, b: 1, a: 1}
  forceAnimation: 0
  richText: 1
  readDelay: 0
  speedReadScale: 2
  ignoreTimeScale: 1
  disableAnimatedText: 0
  drawAnimName: Appear
  unreadDelay: 0.05
  undrawOrder: 1
  undrawAnimName: Appear
  audioSource: {fileID: 0}
  audioClips: []
  stopPreviousSound: 1
  pitchMode: 0
  overridePitch: 1
  minPitch: 0.9
  maxPitch: 1.2
  speedReadPitch: 0
  perlinPitchMulti: 1
  reading: 0
  unreading: 0
  size: 48
  bestFitMulti: 1
  quality: 58
  filterMode: 0
  maskMode: 0
  style: 0
  baseOffset: {x: 0, y: 4, z: 0}
  relativeBaseOffset: 0
  lineSpacing: 1
  characterSpacing: 0
  tabSize: 4
  autoWrap: 12
  uiWrap: 1
  uiLimit: 1
  breakText: 0
  insertHyphens: 0
  anchor: 0
  alignment: 1
  verticalLimit: 0
  verticalLimitMode: 2
  leftoverText: 
  textMaterial: {fileID: 2100000, guid: e95657d18b7fe5c428ad4aaf48a046e1, type: 2}
  textMesh: {fileID: 0}
  rawTopLeftBounds: {x: 94, y: -48, z: 0}
  rawBottomRightBounds: {x: -94, y: 0, z: 0}
  rawBottomRightTextBounds: {x: 138.2069, y: -48, z: 0}
  topLeftBounds: {x: -8.71693, y: -15.825001, z: 90}
  topRightBounds: {x: -5.90807, y: -15.825001, z: 90}
  bottomLeftBounds: {x: -8.71693, y: -16.542156, z: 90}
  bottomRightBounds: {x: -5.90807, y: -16.542156, z: 90}
  centerBounds: {x: -7.3125, y: -16.183578, z: 90}
  topLeftTextBounds: {x: -8.344957, y: -15.825001, z: 90}
  topRightTextBounds: {x: -6.280043, y: -15.825001, z: 90}
  bottomLeftTextBounds: {x: -8.344957, y: -16.542156, z: 90}
  bottomRightTextBounds: {x: -6.280043, y: -16.542156, z: 90}
  centerTextBounds: {x: -7.3125, y: -16.183578, z: 0}
  finalTopLeftTextBounds: {x: -8.344957, y: -15.825001, z: 90}
  finalTopRightTextBounds: {x: -6.280043, y: -15.825001, z: 90}
  finalBottomLeftTextBounds: {x: -8.344957, y: -16.542156, z: 90}
  finalBottomRightTextBounds: {x: -6.280043, y: -16.542156, z: 90}
  finalCenterTextBounds: {x: -7.3125, y: -16.183578, z: 0}
  unwrappedBottomRightTextBounds: {x: 139.86206, y: -48, z: 0}
  onCompleteEvent:
    m_PersistentCalls:
      m_Calls: []
  onUndrawnEvent:
    m_PersistentCalls:
      m_Calls: []
  onRebuildEvent:
    m_PersistentCalls:
      m_Calls: []
  onPrintEvent:
    m_PersistentCalls:
      m_Calls: []
  onCustomEvent:
    m_PersistentCalls:
      m_Calls: []
  onVertexMod:
    m_PersistentCalls:
      m_Calls: []
  onPreParse:
    m_PersistentCalls:
      m_Calls: []
  debugMode: 0
  totalReadTime: 0.00001
  totalUnreadTime: 0.00001
  currentReadTime: 0.00001
  autoRead: 1
  rememberReadPosition: 1
  autoQuality: 1
  drawOrder: 0
  removeEmoji: 1
  rtl: 0
  _fade: 1
  bestFit: 0
  latestNumber: 5
  currentUnReadTime: 0
  preParsedText: Button
--- !u!222 &5318649563043285952
CanvasRenderer:
  m_ObjectHideFlags: 0
  m_CorrespondingSourceObject: {fileID: 0}
  m_PrefabInstance: {fileID: 0}
  m_PrefabAsset: {fileID: 0}
  m_GameObject: {fileID: 8277840531122442049}
  m_CullTransparentMesh: 1
--- !u!114 &7333803322195908477
MonoBehaviour:
  m_ObjectHideFlags: 0
  m_CorrespondingSourceObject: {fileID: 0}
  m_PrefabInstance: {fileID: 0}
  m_PrefabAsset: {fileID: 0}
  m_GameObject: {fileID: 8277840531122442049}
  m_Enabled: 1
  m_EditorHideFlags: 0
  m_Script: {fileID: 11500000, guid: 10402204e466f8c419b0c12c953d8857, type: 3}
  m_Name: 
  m_EditorClassIdentifier: 
  key: 
